<?xml version="1.0" encoding="UTF-8"?><collection xmlns="http://www.loc.gov/MARC21/slim"><record><leader>00506nam--2200169-i-4500</leader><controlfield tag="001">000017115</controlfield><controlfield tag="002">20161230</controlfield><controlfield tag="005">20161230201032</controlfield><controlfield tag="008">060222s1000------------r-----000-0-eng-d</controlfield><datafield ind1=" " ind2=" " tag="040"><subfield code="a">IFIN-HH</subfield></datafield><datafield ind1=" " ind2=" " tag="080"><subfield code="a">539.216.2</subfield></datafield><datafield ind1="1" ind2=" " tag="100"><subfield code="a">Humlicek, Josef</subfield></datafield><datafield ind1="1" ind2="0" tag="245"><subfield code="a">Sensitivity of optical measurements on planar stratified structures and reduction of experimental data</subfield><subfield code="c">Josef humlicek</subfield></datafield><datafield ind1=" " ind2=" " tag="260"><subfield code="a">Brno</subfield><subfield code="b">Masatykova Univerzita</subfield><subfield code="c">1992</subfield></datafield><datafield ind1=" " ind2=" " tag="300"><subfield code="a">100 P</subfield></datafield><datafield ind1=" " ind2=" " tag="852"><subfield code="a">80091</subfield><subfield code="c">539.23</subfield></datafield><datafield ind1=" " ind2=" " tag="CAT"><subfield code="a">Sys</subfield><subfield code="c">20121219</subfield><subfield code="h">154403</subfield></datafield></record></collection>